@misc{picture,
  title = {Picture a Scientist},
  year = {2020},
  author = {Ian Cheney and Sharon Shattuck},
  }